<?xml version="1.0" encoding="UTF-8"?><collection xmlns="http://www.loc.gov/MARC21/slim"><record><leader>00618nam--2200193-i-4500</leader><controlfield tag="001">000020420</controlfield><controlfield tag="002">20161230</controlfield><controlfield tag="005">20170101234228</controlfield><controlfield tag="008">060222s1000------------r-----000-0-eng-d</controlfield><datafield ind1=" " ind2=" " tag="040"><subfield code="a">IFIN-HH</subfield></datafield><datafield ind1=" " ind2=" " tag="080"><subfield code="a">537.531:535.36</subfield></datafield><datafield ind1="1" ind2=" " tag="100"><subfield code="a">Guinier, Andre</subfield></datafield><datafield ind1="1" ind2="0" tag="245"><subfield code="a">Small-angle scattering of x-rays</subfield><subfield code="b">Translation by Christopher B.Walker. followed by a bibliography by Kenneth, L.Yudowitch</subfield><subfield code="c">Andre Guinier, Gerard Fournet</subfield></datafield><datafield ind1=" " ind2=" " tag="260"><subfield code="a">New York</subfield><subfield code="b">John Wiley</subfield><subfield code="c">1955</subfield></datafield><datafield ind1=" " ind2=" " tag="300"><subfield code="a">XI + 268 P</subfield></datafield><datafield ind1=" " ind2=" " tag="490"><subfield code="a">Structure Of Matter Series</subfield></datafield><datafield ind1="1" ind2=" " tag="700"><subfield code="a">Fournet, Gerard</subfield></datafield><datafield ind1=" " ind2=" " tag="852"><subfield code="a">12959</subfield><subfield code="c">537.531</subfield></datafield><datafield ind1=" " ind2=" " tag="CAT"><subfield code="a">SYS</subfield><subfield code="c">20170101</subfield><subfield code="h">234228</subfield></datafield></record></collection>